%%%%%%%%%%%%%%%%%%%%%%%%%%%%%%%%%%%%%%%%%%%%%%%%%%%%%%%%%%%%%%%%%%%%%%%%%%%%%%%%
% BIBLIOGRAFÍA                                                                 %
%                                                                              %
% Objetivo: Recopilar las referencias a información utilizadas y/o algunas     %
%           otras que puedan resultar interesantes                             %
%%%%%%%%%%%%%%%%%%%%%%%%%%%%%%%%%%%%%%%%%%%%%%%%%%%%%%%%%%%%%%%%%%%%%%%%%%%%%%%%
@Misc{loading-spinner,
howpublished = {\url{https://www.tutorialspoint.com/android/android_loading_spinner.htm}},
title = {Android - Loading Spinner}
}

@Misc{firebase,
howpublished = {\url{https://stackoverflow.com/questions/68340491/firebase-realtime-database-android-java-class-does-not-define-a-no-argument}},
title = {Firebase Realtime Database (Android-Java)- "Class does not define a no-argument constructor" - Stack Overflow}
}

@Misc{error-datasnapshot,
howpublished = {\url{https://stackoverflow.com/questions/47186438/error-when-getting-an-object-from-datasnapshot}},
title = {android - Error when getting an object from DataSnapshot - Stack Overflow}}

@Misc{binder-proxy,
howpublished = {\url{https://stackoverflow.com/questions/61483708/binderproxy-cannot-be-cast-to-clienttransaction-exception-when-changing-defaultn}},
title = {android - BinderProxy cannot be cast to ClientTransaction exception when changing DefaultNightMode - Stack Overflow}}

@Misc{firebase-getvalue,
howpublished = {\url{https://stackoverflow.com/questions/38671701/firebase-getvalue-not-retrieving-boolean-correctly}},
title = {android - Firebase getValue() not retrieving boolean correctly? - Stack Overflow}}

@Misc{start-activity,
howpublished = {\url{https://stackoverflow.com/questions/11308198/start-new-activity-and-finish-current-one-in-android}},
title = {Start new Activity and finish current one in Android? - Stack Overflow}}

@Misc{firebase-loggin,
howpublished = {\url{https://stackoverflow.com/questions/44583834/firebase-how-to-check-if-user-is-logged-in}},
title = {android - Firebase: how to check if user is logged in? - Stack Overflow}}

@Misc{landscape,
howpublished = {\url{https://stackoverflow.com/questions/582185/how-can-i-disable-landscape-mode-in-android}},
title = {How can I disable landscape mode in Android? - Stack Overflow}}

@Misc{android-dev,
howpublished = {\url{https://developer.android.com/}},
title = {Android Developers}}

@Misc{mail-login,
howpublished = {\url{https://www.youtube.com/watch?v=aVyKywyFOzM}},
title = {Login con mail firebase y java en android studio parte 1 2021 - YouTube}}

@Misc{mail-login2,
howpublished = {\url{https://www.youtube.com/watch?v=yQXZmC9ytjU}},
title = {Login con mail firebase y java en android studio parte 2 2021 - YouTube}}

@Misc{awesome-validation,
howpublished = {\url{https://github.com/thyrlian/AwesomeValidation}},
title = {thyrlian/AwesomeValidation: Android validation library which helps developer boil down the tedious work to three easy steps.}}

@Misc{night-mode,
howpublished = {\url{https://programmerworld.co/android/how-to-switch-night-mode-dark-mode-on-and-off-programmatically-in-your-android-app/}},
title = {How to switch Night Mode/ Dark Mode ON and OFF programmatically in your Android App? – programmerworld}}

@Misc{hangman,
howpublished = {\url{https://github.com/codigofacilito/hangman}},
title = {codigofacilito/hangman}}




\end{bibconfig}